<?xml version="1.0" encoding="UTF-8"?><record xmlns="http://www.loc.gov/MARC21/slim" xmlns:cinclude="http://apache.org/cocoon/include/1.0" xmlns:zs="http://www.loc.gov/zing/srw/">
  <leader>00429cz  a2200145n  4500</leader>
  <controlfield tag="001">n  91017674 </controlfield>
  <controlfield tag="003">DLC</controlfield>
  <controlfield tag="005">20030401153323.0</controlfield>
  <controlfield tag="008">910220n| acannaab           |n aaa      </controlfield>
  <datafield tag="010" ind1=" " ind2=" ">
    <subfield code="a">n  91017674 </subfield>
    <subfield code="z">n  00114555 </subfield>
  </datafield>
  <datafield tag="040" ind1=" " ind2=" ">
    <subfield code="a">DLC</subfield>
    <subfield code="c">DLC</subfield>
    <subfield code="d">DLC</subfield>
  </datafield>
  <datafield tag="100" ind1="1" ind2=" ">
    <subfield code="a">Drew, Helen</subfield>
  </datafield>
  <datafield tag="670" ind1=" " ind2=" ">
    <subfield code="a">Her My first baking book, 1991:</subfield>
    <subfield code="b">CIP t.p. (Helen Drew)</subfield>
  </datafield>
  <datafield tag="670" ind1=" " ind2=" ">
    <subfield code="a">IMDb, Mar. 3, 2003</subfield>
    <subfield code="b">(Drew, Helen)</subfield>
  </datafield>
  <datafield tag="675" ind1=" " ind2=" ">
    <subfield code="a">U.S. Copyright Office files, Mar. 5, 2003</subfield>
  </datafield>
</record>